@book{vanderbei2020linear,
  title={Linear programming: foundations and extensions},
  author={Vanderbei, Robert J},
  volume={285},
  year={2020},
  publisher={Springer Nature}
}
@article{klee1972good,
  title={How good is the simplex algorithm},
  author={V. Klee and G.J. Minty.},
  journal={Inequalities},
  volume={3},
  number={3},
  pages={159--175},
  year={1972},
  publisher={New York}
}
@article{zionts1969criss,
  title={The criss-cross method for solving linear programming problems},
  author={S. Zionts},
  journal={Management Science},
  volume={15},
  number={7},
  pages={426--445},
  year={1969},
  publisher={INFORMS}
}
@article{terlaky1987finite,
  title={A finite crisscross method for oriented matroids},
  author={T. Terlaky},
  journal={Journal of Combinatorial Theory, Series B},
  volume={42},
  number={3},
  pages={319--327},
  year={1987},
  publisher={Elsevier}
}
@techreport{chang1979least,
  title={Least-Index Resolution of Degeneracy in Linear Complementarity Problems.},
  author={Chang, Yow-Yieh},
  year={1979},
  institution={STANFORD UNIV CA DEPT OF OPERATIONS RESEARCH}
}

@article{fukuda1997criss,
  title={Criss-cross methods: A fresh view on pivot algorithms},
  author={K. Fukuda and T. Terlaky},
  journal={Mathematical programming},
  volume={79},
  number={1-3},
  pages={369--395},
  year={1997},
  publisher={Springer}
}
@article{dantzig1951maximization,
  title={Maximization of a linear function of variables subject to linear inequalities},
  author={Dantzig, George B},
  journal={Activity analysis of production and allocation},
  volume={13},
  pages={339--347},
  year={1951}
}
@misc{wikipediacontributors_2020_kleeminty,
  author = {Wikipedia Contributors},
  month = {11},
  publisher = {Wikimedia Foundation},
  title = {Klee–Minty cube},
  url = {https://en.wikipedia.org/wiki/Klee%E2%80%93Minty_cube},
  urldate = {2020-12-04},
  year = {2020},
  organization = {Wikipedia}
}

@article{kitahara2013bound,
  title={A bound for the number of different basic solutions generated by the simplex method},
  author={Kitahara, Tomonari and Mizuno, Shinji},
  journal={Mathematical Programming},
  volume={137},
  number={1-2},
  pages={579--586},
  year={2013},
  publisher={Springer}
}

@misc{ye2010simplex,
  title={The simplex method is strongly polynomial for the Markov decision problem with a fixed discount rate},
  author={Ye, Yinyu},
  year={2010},
  publisher={Working paper, Department of Management Science and Engineering, Stanford~…}
}

@online{largest,
	author={University of Waterloo},
	title={Lecture note of CO350 Linear Programming Chapter 6: The simplex Method},
  url={https://www.math.uwaterloo.ca/~hwolkowi//henry/teaching/f05/350.f05/L16.pdf},
	year={2015}
}


@misc{class,
  author={Tamas Terlaky},
  title={Introduction to Mathematical Optimization},
  year={2015}
}

@article{bland,
	title={New Finite Pivoting Rules for the Simplex Method},
	author={Robert Bland},
	journal={Mathematics of Operations Research},
	volume={2},
	number={2},
	pages={103-107},
	year={1977},
	publisher={INFORMS}
}

@article{revised,
	title={A Comparison of the Original and Revised Simplex Methods},
	author={Harvey Wagner},
	journal={Operations Research},
	volume={5},
	number={3},
	pages={103-107},
	year={1957},
	publisher={INFORMS}
}

@inproceedings{adler2014simplex,
  title={On simplex pivoting rules and complexity theory},
  author={Adler, Ilan and Papadimitriou, Christos and Rubinstein, Aviad},
  booktitle={International Conference on Integer Programming and Combinatorial Optimization},
  pages={13--24},
  year={2014},
  organization={Springer}
}

@article{zhang1999new,
  title={New variants of finite criss-cross pivot algorithms for linear programming},
  author={Zhang, Shuzhong},
  journal={European Journal of Operational Research},
  volume={116},
  number={3},
  pages={607--614},
  year={1999},
  publisher={Elsevier}
}

@article{csizmadia2012s,
  title={The s-monotone index selection rules for pivot algorithms of linear programming},
  author={Csizmadia, Zsolt and Ill{\'e}s, Tibor and Nagy, Adrienn},
  journal={European journal of operational research},
  volume={221},
  number={3},
  pages={491--500},
  year={2012},
  publisher={Elsevier}
}

@article{pia,
	title={Short simplex paths in lattice polytopes},
	author={Alberto Del Pia, Carla Michini},
	year={2020},
}

@article{preprocess,
	title={An application of simultaneous diophantine approximation
	in combinatorial optimization},
	author={A. Frank and E Tardos},
	journal={Combinatorica},
	volume={7},
	pages={49-65},
	year={1987},
}